1853 2787
635 245 718 287 OF
784 243 1095 286 PLAUTUS
1452 256 1493 284 11

738 543 913 590 ACTUS
962 543 997 589 Ι.

764 645 903 682 SCENA
941 645 970 680 I.

761 727 970 782 [Iambics]

229 820 317 858 GR.
351 818 423 856 Exi
445 819 465 855 e
485 818 616 856 culina
636 819 688 855 sis
708 820 821 864 foras,
846 817 1034 867 mastigia,

231 889 310 938 Qui
332 889 427 926 mihi
448 895 548 926 inter
568 889 720 938 patinas
741 888 901 925 exhibes
922 887 1102 937 argt'ltias.

232 961 436 1009 Egredere‚
460 959 562 998 erilis
583 959 792 1009 permities,
817 972 862 997 ex
883 959 1059 996 aedibus.

232 1032 320 1080 Ego
340 1032 402 1080 pel
423 1038 461 1068 te
482 1030 569 1075 ruri,
593 1037 625 1067 si
644 1030 789 1076 uiuam,
814 1029 979 1067 ulciscer
999 1029 1132 1078 probe.

231 1103 319 1139 TR.
352 1101 461 1149 Quid
482 1101 553 1139 tibi
575 1102 721 1138 malum
745 1100 808 1138 hic
828 1108 920 1138 ante
939 1099 1047 1137 aedis
1069 1098 1349 1137 claxnitaeitiost?

231 1174 296 1209 An
318 1171 393 1209 n'lri
415 1185 553 1210 censes
576 1180 613 1209 te
633 1173 747 1209 esse?
775 1172 950 1209 abscede
969 1171 1021 1208 ab
1042 1170 1220 1208 aedibus.

232 1243 310 1280 Abi
331 1244 415 1280 rtis:
444 1243 509 1281 abi
531 1243 710 1280 dierecte.
771 1243 941 1279 abscede
963 1242 1013 1279 ab
1035 1241 1159 1278 ienua.

234 1316 328 1351 Em:
358 1315 501 1351 hocine
522 1314 716 1351 uolebas?
763 1313 852 1352 GR.
887 1312 996 1350 Perii.
1029 1325 1098 1349 cur
1119 1325 1182 1349 me
1203 1310 1408 1348 uerberas?

232 1386 319 1422 TR.
354 1384 458 1432 Quia
474 1393 515 1422 tu
536 1384 606 1422 uis.
648 1385 737 1422 GR.
770 1383 908 1421 Patiar.
935 1384 1019 1421 sine
1037 1383 1159 1420 modo
1173 1381 1359 1419 adueniat
1376 1394 1514 1418 senex:

235 1455 326 1493 Sine
348 1456 467 1494 medo
488 1455 622 1492 uenire
644 1456 806 1501 saluom,
831 1467 949 1504 quem
972 1453 1176 1491 absentem
1199 1466 1344 1490 comes.

234 1528 319 1564 TR.
353 1527 441 1563 Nec
461 1526 541 1563 ueri
563 1525 690 1563 simile
710 1527 868 1574 lequere
889 1537 963 1562 nec
985 1527 1134 1569 ueri'im,
1157 1525 1300 1560 frutex:

235 1597 424 1636 Comesse
445 1610 686 1646 quemquam
708 1604 750 1633 ut
771 1596 980 1645 qussquam
1001 1595 1207 1632 absentem
1230 1593 1398 1643 pessiet?

234 1704 322 1742 GR.
356 1704 418 1740 Tu
441 1702 615 1740 urbanus
636 1715 730 1739 uero
752 1702 893 1747 smirna,
917 1700 1080 1738 deliciae
1101 1699 1220 1749 popli,

237 1775 321 1811 Rus
344 1773 437 1810 mihi
459 1781 500 1810 tu
521 1773 728 1811 obiectas?
756 1772 851 1809 sane
873 1773 960 1817 hoc,
987 1772 1116 1817 credo,
1142 1769 1300 1815 Tranio,

237 1845 358 1893 Quod
379 1852 417 1882 te
438 1852 477 1881 in
498 1843 704 1893 pistrinum
727 1844 803 1880 scis
823 1851 1001 1880 actutum
1023 1841 1179 1881 tredier.

236 1915 304 1955 Cis
323 1916 453 1953 hercle
474 1928 619 1965 paucas
641 1915 905 1964 tempestates,
929 1913 1086 1959 Tranio,

236 1987 410 2037 Augebis
430 1986 506 2025 ruri
527 1988 749 2032 nnmerum,
772 1999 897 2035 genus
919 1983 1096 2022 ferretile.

237 2060 357 2096 Nunc
378 2057 447 2096 tibi
470 2059 566 2096 dum
588 2057 699 2095 hibet
719 2056 901 2105 licetque,
926 2064 1029 2105 pota,
1053 2055 1171 2104 perde
1193 2067 1288 2100 rem,
