1853 2787
582 218 665 260 OF
732 215 1042 258 PLAUTL'S
1392 223 1439 265 51

175 334 259 371 TH.
291 333 399 370 Bene
448 331 581 370 hercle
631 332 800 368 factum.
860 330 940 365 DA.
973 329 1094 373 Heus,
1151 328 1234 364 iam
1287 325 1447 374 adpetit

937 384 1142 422 meridies.

178 447 260 484 TR.
291 445 464 483 Absolue
487 446 593 483 hunc
619 458 778 494 quaeso,
805 443 963 481 uomitu
989 456 1037 480 ne
1060 441 1124 479 hic
1151 454 1222 477 nos
1245 439 1392 477 enecet.

178 521 262 557 ΤΗ.
294 518 551 563 Adulescens,
586 531 741 556 mecum
779 516 862 555 rem
896 517 1010 554 habe.
1070 517 1151 552 DA.
1186 514 1340 563 Nempe
1376 526 1448 561 aps

938 573 976 611 te
1005 579 1154 622 petam.

178 651 262 688 ΤΗ.
294 649 427 687 Petito
448 663 550 687 cras.
611 650 692 686 DA.
724 635 854 686 Abeo:
899 647 962 686 sat
985 646 1124 691 habeo,
1148 647 1181 683 si
1203 644 1294 683 cras
1320 645 1420 682 fero.

178 720 262 758 ΤΗ.
296 719 386 765 Qua
411 720 454 755 in
480 717 647 767 regione
673 717 773 754 istas
798 715 911 754 aedis
934 716 1033 753 emit
1062 714 1205 751 filius?

178 788 260 825 TR.
306 788 406 824 Ecce
446 785 580 824 autem
622 786 744 835 perii.
817 786 898 821 TH.
944 784 1111 821 Dicisne
1149 783 1221 819 hoc
1264 781 1371 830 quod
1410 779 1450 817 te

940 843 1063 891 rogo?

179 902 260 939 TR.
293 900 460 938 Dic-am:
506 902 574 938 sed
598 913 741 938 nomen
768 899 927 937 domini
952 912 1103 947 quaero
1128 896 1229 946 quid
1252 897 1340 934 siet.

178 975 264 1012 ΤΗ.
295 975 392 1024 Age,
418 974 738 1012 comminiscere.
797 974 877 1010 TR.
910 974 942 1009 Α
970 973 1113 1009 uicino
1137 972 1208 1008 hoc
1239 969 1436 1019 proxumo

178 1043 286 1080 Tuos
313 1041 411 1079 emit
441 1043 554 1079 aedis
583 1041 712 1079 filius.
771 1042 854 1078 TH.
886 1039 1030 1077 Bonan
1063 1040 1165 1076 fide?

181 1111 261 1147 TR.
295 1109 509 1159 Siquidem
534 1119 578 1147 tu
607 1116 826 1159 argentum
853 1108 1120 1153 reddituru's,
1147 1105 1236 1145 tum
1263 1107 1381 1143 bona.

180 1180 226 1217 Si
253 1178 496 1216 redditurus
520 1177 600 1215 non
627 1191 680 1223 es,
708 1191 788 1215 non
811 1177 914 1214 emit
937 1178 1056 1214 bona.

183 1247 274 1284 Non
303 1246 346 1283 in
373 1248 461 1284 loco
482 1247 585 1284 emit>
609 1245 816 1295 perbono?
875 1246 957 1281 TH.
989 1245 1119 1281 Immo
1146 1246 1189 1281 in
1217 1243 1395 1292 optumo.

179 1315 317 1364 Cupio
342 1314 475 1352 hercle
501 1314 707 1363 inspicere
729 1313 845 1351 hasce
872 1312 996 1351 aedis
1057 1311 1274 1361 pultadum
1305 1312 1411 1348 fores

182 1390 315 1438 Atque
338 1387 461 1426 euoca
487 1387 664 1437 aliquem
690 1387 803 1424 intus
830 1389 881 1426 ad
908 1393 959 1431 te,
987 1385 1152 1423 Tranio.

182 1457 262 1493 TR.
294 1456 394 1495 Ecce
419 1455 555 1494 autem
581 1457 702 1504 perii.
763 1454 870 1493 nunc
896 1455 998 1504 quid
1023 1455 1159 1491 dicam
1184 1453 1329 1491 nescio.

182 1523 419 1561 Manufesto
443 1523 596 1561 teneor.
656 1523 737 1560 TH.
771 1522 1010 1560 Euocadum
1039 1523 1218 1571 aliquem
1246 1521 1370 1566 ocius,

185 1593 298 1642 Roga
335 1591 630 1629 circumducat.
690 1592 770 1629 TR.
802 1590 912 1629 Heus
948 1596 1007 1637 tn,
1048 1596 1091 1628 at<
1126 1589 1191 1628 hic
1230 1595 1327 1628 sunt.
1366 1587 1451 1625 mii-

942 1660 1082 1697 lieres:

181 1728 459 1766 Videndumst
503 1730 698 1778 primum,
745 1733 886 1765 utrum
927 1726 999 1765 eae
1042 1728 1227 1764 uelintne
1271 1740 1323 1764 an
1371 1724 1450 1762 non

942 1796 1085 1832 uelint.

183 1865 266 1902 TH.
297 1865 459 1902 Bonum
486 1863 736 1914 aequomque
762 1878 866 1901 oras.
927 1863 953 1908 i,
979 1869 1221 1912 percontare
1245 1862 1282 1900 et
1310 1875 1431 1911 roga:

182 1933 269 1983 Ego
290 1932 356 1970 hic
380 1933 600 1981 tantisper,
629 1933 726 1969 dum
749 1931 846 1977 exis,
873 1938 913 1969 te
936 1930 1135 1980 opperiar
1160 1932 1276 1968 foris.

668 2046 838 2084 ACTL'S
893 2046 969 2084 III.

713 2116 851 2152 SCENA
895 2115 926 2151 I.

427 2172 643 2225 (lambio-3,
673 2171 829 2215 cretio-5,
857 2172 944 2208 and
972 2171 1222 2216 trochaica)

184 2231 264 2267 TR.
297 2230 349 2267 Di
372 2229 422 2277 te,
448 2230 624 2278 deaeque
644 2230 779 2266 omnis
803 2228 996 2266 funditus
1020 2227 1211 2277 perdant,
1237 2241 1378 2265 senex:

183 2286 252 2325 Ita
278 2300 368 2325 mea
391 2288 567 2325 consilia
597 2285 783 2336 {indique
806 2284 1027 2336 oppugnas
1052 2286 1169 2323 male.

182 2346 324 2394 Eugae
352 2344 518 2394 optume
547 2343 682 2381 eccum
713 2343 880 2381 aedium
909 2342 1099 2380 dominus
1129 2343 1242 2380 foras

182 2401 299 2440 Simo
324 2402 593 2451 progreditur
621 2401 746 2438 int-us.
807 2401 891 2438 iam
919 2401 1060 2437 uirum
1090 2399 1304 2448 adloquar.
